% This file was created with JabRef 2.9.2.
% Encoding: UTF8

@MISC{the_loop,
  author = {Denis},
  title = {WordPress 主循环和全局变量},
  owner = {guoyu},
  timestamp = {2013.12.30},
  url = {http://blog.wpjam.com/article/global-variables-and-the-wordpress-loop/}
}

@MISC{wp_page,
  author = {Denis},
  title = {WordPress 主题教程 15：子模板文件},
  owner = {guoyu},
  timestamp = {2014.01.03},
  url = {http://blog.wpjam.com/2007/07/11/wp-theme-lesson-15-sub-template-files/}
}

@MISC{wp_style_css,
  author = {Denis},
  title = {Style.css 和 CSS 介绍},
  owner = {guoyu},
  timestamp = {2014.01.02},
  url = {http://blog.wpjam.com/2007/06/16/wp-theme-lesson-9-stylecss-and-css-intro/}
}

@MISC{wp_theme_tutorial,
  author = {Denis},
  title = {WordPress 主题教程},
  owner = {guoyu},
  timestamp = {2013.12.30},
  url = {http://blog.wpjam.com/series/wordpress-theme-tutorials/}
}

@MISC{wp_wiki,
  author = {Wikipedia},
  title = {WordPress},
  owner = {guoyu},
  timestamp = {2014.01.01},
  url = {http://en.wikipedia.org/wiki/WordPress}
}

@MISC{wp_features,
  author = {WordPress},
  title = {WordPress Features},
  owner = {guoyu},
  timestamp = {2014.01.01},
  url = {http://codex.wordpress.org/WordPress_Features}
}

